<?xml version="1.0" encoding="UTF-8"?><collection xmlns="http://www.loc.gov/MARC21/slim"><record><leader>00390nam--2200145-i-4500</leader><controlfield tag="001">000009271</controlfield><controlfield tag="002">20161230</controlfield><controlfield tag="005">20161230201028</controlfield><controlfield tag="008">060222s1000------------r-----000-0-eng-d</controlfield><datafield ind1=" " ind2=" " tag="100"><subfield code="a">Borg, S.F</subfield></datafield><datafield ind1=" " ind2=" " tag="245"><subfield code="a">Matrix-tensor mathod in continuum mechanics</subfield></datafield><datafield ind1=" " ind2=" " tag="260"><subfield code="a">Princeton, D.Van Nostrand Co., Inc., 1963</subfield></datafield><datafield ind1=" " ind2=" " tag="490"><subfield code="a">Xiv + 313 P</subfield></datafield><datafield ind1=" " ind2=" " tag="852"><subfield code="a">32798</subfield><subfield code="c">512.831</subfield></datafield><datafield ind1=" " ind2=" " tag="CAT"><subfield code="a">Sys</subfield><subfield code="c">20080522</subfield><subfield code="h">122152</subfield></datafield></record></collection>